% This file was created with JabRef 2.10b2.
% Encoding: UTF-8


@Electronic{Adam2005,
  Title                    = {Découvrir le monde à l'école maternelle},
  Author                   = {Adam, Lise and Alayrac, Jean-Louis and Bense, Dominique and Coquidé, Maryline and De Santi, Catherine and Hibon-Hartmann, Mireille and Leroux, Bernard and Lusignan, François and Malexis, Francine and Plé, Élisabeth and Rolando, Jean-Michel and Tomic, Tatiana and Villard, Évelyne and Saint-Georges, Monique and Schaub, Claudine},
  HowPublished             = {CNDP},
  Month                    = {mai},
  Url                      = {http://www.fondation-lamap.org/sites/default/files/upload/media/experts/decouvrir_%20monde.pdf},
  Year                     = {2005},

  Owner                    = {pachot},
  Timestamp                = {2014.11.28}
}

@Book{Alix2014,
  Title                    = {L’ours et la lune},
  Author                   = {Alix, Cécile and Guillopé, Antoine},
  Publisher                = {Canopé -- CRDP d'Aix-Marseille},
  Year                     = {2014},

  Owner                    = {pachot},
  Timestamp                = {2015.02.24}
}

@Electronic{Alix2014b,
  Title                    = {L’ours et la lune [eBook]},
  Author                   = {Alix, Cécile and Guillopé, Antoine},
  HowPublished             = {Canopé -- CRDP d'Aix-Marseille},
  Year                     = {2014},

  Owner                    = {pachot},
  Timestamp                = {2015.03.30}
}

@Electronic{Barnier2002,
  Title                    = {Théories de l’apprentissage et pratiques d’enseignement},
  Author                   = {Barnier, Gérard},
  Note                     = {17~pages},
  Url                      = {http://www.ac-nice.fr/iencagnes/file/peda/general/Theories_apprentissage.pdf},
  Year                     = {2002},

  Abstract                 = {Conférence de Gérard Barnier, formateur à l’IUFM d’Aix-Marseille (2002), présentant les différents modèles d’enseignement : le modèle d'enseignement direct ou modèle transmissif, le béhaviorisme (Pavlov, $S \rightarrow R$), le constructivisme (Piaget), et le socioconstructivisme (Vygotski/ZPD, Bruner/étayage).},
  File                     = {:fichiers/Theories_apprentissage.pdf:PDF},
  Owner                    = {pachot},
  Timestamp                = {2013.12.30}
}

@Book{Bellanger2013,
  Title                    = {Réussir son entrée en grammaire au {CE1}},
  Author                   = {Bellanger, Françoise and Raoul-Bellanger, Aurélie},
  Publisher                = {Retz},
  Year                     = {2013},

  Owner                    = {pachot},
  Timestamp                = {2015.02.12}
}

@Article{Bisault2005,
  Title                    = {Langage, action et apprentissage en sciences à l’école maternelle},
  Author                   = {Bisault, Joël},
  Journal                  = {Spirale},
  Year                     = {2005},
  Pages                    = {123-138},
  Volume                   = {36},

  Abstract                 = {L’étude que nous présentons 1 a été réalisée dans le cadre d’une recherche portant sur l’argumentation dans l’enseignement des sciences à l’école primaire 2 . Elle s’appuie sur l’analyse de dialogues oraux enregistrés pendant des activités de classe consacrées à l’étude du fonctionnement d’un objet technique usuel : l’aspirateur. Ces activités ont été mises en œuvre dans deux classes de maternelle (petite section et moyenne section). Nous avons croisé les points de vue de la didactique des sciences et de la didactique du français pour observer la construction progressive des discours et des connaissances en liaison avec les phénomènes ou objets observés et manipulés.},
  Keywords                 = {Langage, argumentation, sciences, modélisation, école maternelle},
  Owner                    = {pachot},
  Timestamp                = {2014.11.30},
  Url                      = {http://www.spirale-edu-revue.fr/IMG/pdf/12_Bisaut_Spirale_36.pdf}
}

@Book{Brissiaud2013,
  Title                    = {Comment les enfants apprennent à calculer : le rôle du langage, des représentations figurées et du calcul dans la conceptualisation des nombres},
  Author                   = {Brissiaud, Rémi},
  Publisher                = {Retz},
  Year                     = {2013},

  Address                  = {Paris, France},
  Series                   = {Forum {É}ducation {C}ulture},

  Abstract                 = {Rémi Brisssiaud est maitre de conférences de psychologie cognitive à l’IUFM de Versailles. Des extraits des chapitres I (Comment les enfants accèdent à la signification des mots-nombres) et II (Un premier processus d’apprentissage : du comptage-numérotage au dénombrement) sont accessibles en ligne.},
  Chapter                  = {Un premier processus d’apprentissage : du comptage-numérotage au dénombrement},
  ISBN                     = {9782725663043},
  Owner                    = {pachot},
  Timestamp                = {2013.12.20},
  Url                      = {http://books.google.fr/books?id=eoAef9BHT2IC}
}

@Electronic{Brousseau2010,
  Title                    = {Glossaire de quelques concepts de la théorie des situations didactiques en mathématiques (1998)},
  Author                   = {Brousseau, Guy},
  Note                     = {9~pages},
  Url                      = {http://guy-brousseau.com/wp-content/uploads/2010/09/Glossaire_V5.pdf},
  Year                     = {2010},

  Abstract                 = {Présentation des principaux concepts, et notamment du concept de dévolution, de la théorie des situations didactiques en mathématiques (1998) de Guy Brousseau, maitre de conférences en mathématiques et professeur émérite (1\ier{}~septembre~1998) de l’IUFM d’Aquitaine.},
  File                     = {:fichiers/Glossaire_V5.pdf:PDF},
  Owner                    = {pachot},
  Timestamp                = {2013.12.22}
}

@Book{Bruner1987,
  Title                    = {Comment les enfants apprennent à parler},
  Author                   = {Bruner, Jerome Seymour and Watson, Rita},
  Publisher                = {Retz},
  Year                     = {1987},

  Address                  = {Paris},
  Series                   = {Actualité pédagogique},

  Owner                    = {pachot},
  Timestamp                = {2014.12.15}
}

@Electronic{CNDP2002,
  Title                    = {Enseigner les sciences à l’école : cycles 1 et 2},
  Author                   = {{Centre national de documentation pédagogique}},
  HowPublished             = {Documents d’accompagnement des programmes},
  Month                    = {octobre},
  Organization             = {Ministère de l’Éducation nationale, de l’Enseignement supérieur et de la Recherche},
  Url                      = {http://www2.cndp.fr/archivage/valid/38820/38820-7344-18488.pdf},
  Year                     = {2002},

  Owner                    = {pachot},
  Timestamp                = {2014.11.26}
}

@Electronic{MathsAppliC3,
  Title                    = {Documents d’application des programmes : mathématiques : cycle des approfondissements (cycle 3)},

  Address                  = {Paris, France},
  Author                   = {{Centre national de documentation pédagogique}},
  Url                      = {http://www2.cndp.fr/archivage/valid/37570/37570-6102-5922.pdf},
  Year                     = {2002},

  Owner                    = {pachot},
  Timestamp                = {2014.09.23}
}

@Electronic{Chevallard2006,
  Title                    = {Analyse des pratiques enseignantes et didactique des mathématiques : l’approche anthropologique},
  Author                   = {Chevallard, Yves},
  Url                      = {http://yves.chevallard.free.fr/spip/spip/IMG/pdf/Analyse_des_pratiques_enseignantes.pdf},
  Year                     = {2006},

  Owner                    = {pachot},
  Timestamp                = {2014.11.08}
}

@Electronic{CSP2014,
  Title                    = {Recommandations pour la mise en œuvre des programmes de l'école élémentaire},
  Author                   = {{Conseil supérieur des programmes}},
  Month                    = {mai},
  Url                      = {http://cache.media.education.gouv.fr/file/05_Mai/29/8/recommandation-15-mai-2014-CSP_326298.pdf},
  Year                     = {2014},

  Owner                    = {pachot},
  Timestamp                = {2014.11.25}
}

@Electronic{CSP2014b,
  Title                    = {Projet de programme et recommandations: École maternelle},
  Author                   = {{Conseil supérieur des programmes}},
  Month                    = {juillet},
  Url                      = {http://cache.media.education.gouv.fr/file/Organismes/32/4/CSP-_Projet_de_programme-recommandations_337324.pdf},
  Year                     = {2014},

  Owner                    = {pachot},
  Timestamp                = {2014.12.16}
}

@Electronic{CSP2014c,
  Title                    = {Projet de programme : École maternelle},
  Author                   = {{Conseil supérieur des programmes}},
  Month                    = {juillet},
  Url                      = {http://cache.media.education.gouv.fr/file/Organismes/32/6/CSP-PROJET_DE_PROGRAMME_eCOLE_MATERNELLE_337326.pdf},
  Year                     = {2014},

  Owner                    = {pachot},
  Timestamp                = {2015.03.02}
}

@Book{Coquide2002,
  Title                    = {L’enseignement scientifique et technique à l’école maternelle},
  Author                   = {Coquidé-Cantor, Maryline and Giordan, André},
  Publisher                = {Delagrave},
  Year                     = {2002},

  Address                  = {Paris},
  Month                    = {juillet},

  ISBN                     = {2-206-08619-0},
  Owner                    = {pachot},
  Timestamp                = {2014.11.26}
}

@Article{Drouard2008,
  Title                    = {La démarche d’investigation dans l’enseignement des sciences},
  Author                   = {Drouard, Françoise},
  Journal                  = {Grand N},
  Year                     = {2008},
  Pages                    = {31-51},
  Volume                   = {82},

  Address                  = {Grenoble},
  Owner                    = {pachot},
  Publisher                = {IREM},
  Timestamp                = {2014.11.29},
  Url                      = {http://www-irem.ujf-grenoble.fr/revues/revue_n/fic/82/82n3.pdf}
}

@Electronic{IGEN2001,
  Title                    = {L’enseignement des sciences et de la technologie à l’école primaire},
  Author                   = {{Inspection générale de l'éducation nationale}},
  Month                    = {janvier},
  Url                      = {http://media.eduscol.education.fr/file/ecole/17/3/EXSREN11_112173.pdf},
  Year                     = {2001},

  Owner                    = {pachot},
  Timestamp                = {2014.11.28}
}

@Electronic{Lena2011,
  Title                    = {Guide de Découverte : Un enseignement intégré de science et technologie au collège (6\ieme{} et 5\ieme)},
  Author                   = {Léna, Pierre and Salviat, Béatrice and Elsass, Tiffany and Dey, Bruno and Pedregosa, Alice},
  Url                      = {http://www.fondation-lamap.org/sites/default/files/upload/media/minisites/EIST/PDF/Brochure_2011.pdf},
  Year                     = {2011},

  Owner                    = {pachot},
  Timestamp                = {2015.04.21}
}

@Electronic{Long2004,
  Title                    = {Définir une problématique de recherche},
  Author                   = {Donald Long},
  Url                      = {http://web.umoncton.ca/umcm-longd02/TheorixDownload/probleme.pdf},
  Year                     = {2004},

  Owner                    = {pachot},
  Timestamp                = {2015.04.29}
}

@Book{Mettoudi2003,
  Title                    = {Comment enseigner en petite section},
  Author                   = {Mettoudi, Chantal},
  Publisher                = {Hachette éducation},
  Year                     = {2003},

  Address                  = {Paris},

  Owner                    = {pachot},
  Timestamp                = {2014.11.28}
}

@Electronic{BO2015,
  Title                    = {Programme d'enseignement de l'école maternelle},
  Author                   = {{Ministère de l'éducation nationale, de l'enseignement supérieur et de la recherche}},
  HowPublished             = {Bulletin officiel spécial \no 2 du 26 mars 2015},
  Url                      = {http://cache.media.education.gouv.fr//file/MEN_SPE_2/90/0/BO_SPE_MEN_02-26-3-2015_404900.pdf},
  Year                     = {2015},

  Owner                    = {pachot},
  Timestamp                = {2015.04.19}
}

@Electronic{BO25-2014,
  Title                    = {Bulletin officiel \no 25 du 19 juin 2014},
  Author                   = {{Ministère de l'éducation nationale, de l'enseignement supérieur et de la recherche}},
  Url                      = {http://cache.media.education.gouv.fr//file/25/11/8/H25-MEN-19-6-2014_332118.pdf},
  Year                     = {2014},

  Owner                    = {pachot},
  Timestamp                = {2015.02.12}
}

@Electronic{BO2012,
  Title                    = {Programmes d'enseignement de l'école primaire},
  Author                   = {{Ministère de l'éducation nationale, de la jeunesse et de la vie associative}},
  HowPublished             = {Bulletin officiel \no 1 du 5~janvier 2012},
  Url                      = {http://media.education.gouv.fr/file/1/58/7/programmes_ecole-primaire_203587.pdf},
  Year                     = {2012},

  Abstract                 = {Progressions des apprentissages en éducation physique et sportive, en langue vivante, en découverte du monde (cycle 2), en sciences expérimentales et technologie (cycle 3), en histoire (cycle 3), en géographie (cycle 3), et en instruction civique et morale.},
  File                     = {:fichiers/programmes_ecole-primaire_203587.pdf:PDF},
  Owner                    = {pachot},
  Timestamp                = {2013.12.02}
}

@Electronic{Damm2004,
  Title                    = {Vers les mathématiques : Quel travail en maternelle ?},
  Author                   = {{Ministère de la Jeunesse, de l'éducation nationale et de la recherche}},
  Url                      = {http://mapage.noos.fr/jc.rolland/doc_eppee/doc_educ_nat/Documents%20d%27application%20et%20d%27accompagnement/Extraits%20ou%20versions%20prealables/Maternelle%20-%206.1%20-%20Vers%20les%20mathematiques.pdf},
  Year                     = {2004},

  Owner                    = {pachot},
  Timestamp                = {2015.04.12}
}

@Electronic{LPC,
  Title                    = {Livret personnel de compétences},
  Author                   = {{Ministère de l’Éducation nationale}},
  Url                      = {http://media.education.gouv.fr/file/27/02/7/livret_personnel_competences_149027.pdf},
  Year                     = {2010},

  Owner                    = {pachot},
  Timestamp                = {2014.12.19}
}

@Electronic{BOMath,
  Title                    = {Programmes du collège : programmes de l’enseignement de mathématiques},
  Author                   = {{Ministère de l’Éducation nationale}},
  HowPublished             = {Bulletin officiel de l’Éducation nationale, spécial \no 6 du 28~aout 2008},
  Url                      = {http://cache.media.education.gouv.fr/file/special_6/52/5/Programme_math_33525.pdf},
  Year                     = {2008},

  File                     = {:/home/pachot/Documents/Études/2013-15_AMU/ESPE_2/Internet/MEN/Programmes/BO_2008_maths.pdf:PDF},
  Owner                    = {pachot},
  Timestamp                = {2014.09.23}
}

@Electronic{BO2008,
  Title                    = {Horaires et programmes d'enseignement de l'école primaire},
  Author                   = {{Ministère de l’Éducation nationale} and {Ministère de l'Enseignement supérieur et de la Recherche}},
  HowPublished             = {Bulletin officiel hors-série \no 2 du 19~juin 2008},
  Url                      = {ftp://trf.education.gouv.fr/pub/edutel/bo/2008/hs3/hs3.pdf},
  Year                     = {2008},

  Abstract                 = {Programmes d’enseignement de l’école primaire : l’école maternelle (petite section, moyenne section, grande section) et l’école élémentaire (cycle des apprentissages fondamentaux / CP--CE1, et cycle des approfondissements / CE2--CM1--CM2) et progressions des apprentissages en français et mathématiques.},
  File                     = {:fichiers/hs3.pdf:PDF},
  Owner                    = {pachot},
  Timestamp                = {2013.11.30}
}

@Electronic{BO2002,
  Title                    = {Horaires et programmes d'enseignement de l'école primaire},
  Author                   = {{Ministère de l’Éducation nationale} and {Ministère de la Recherche}},
  HowPublished             = {Bulletin officiel hors-série \no 1 du 14~février 2002},
  Url                      = {ftp://trf.education.gouv.fr/pub/edutel/bo/2002/hs1/hs1.pdf},
  Year                     = {2002},

  Owner                    = {pachot},
  Timestamp                = {2014.11.28}
}

@Electronic{Socle2015,
  Title                    = {Socle commun de connaissances, de compétences et de culture},
  Author                   = {{Ministère de l’Éducation nationale, de l’Enseignement supérieur et de la Recherche}},
  HowPublished             = {Bulletin officiel \no{}~17 du 23~avril 2015},
  Url                      = {http://cache.media.education.gouv.fr/file/17/45/6/Socle_commun_de_connaissances,_de_competences_et_de_culture_415456.pdf},
  Year                     = {2015},

  Owner                    = {pachot},
  Timestamp                = {2015.04.29}
}

@Electronic{BO2007,
  Title                    = {Mise en œuvre du socle commun de connaissances et de compétences. Programmes d'enseignement de l'école primaire},
  Author                   = {{Ministère de l’Éducation nationale, de l’Enseignement supérieur et de la Recherche}},
  HowPublished             = {Bulletin officiel hors-série \no 5 du 12~avril 2007},
  Url                      = {ftp://trf.education.gouv.fr/pub/edutel/bo/2007/hs5/hs5.pdf},
  Year                     = {2007},

  Owner                    = {pachot},
  Timestamp                = {2015.03.02}
}

@Electronic{Socle,
  Title                    = {Le socle commun de connaissances et de compétences},
  Author                   = {{Ministère de l’Éducation nationale, de l’Enseignement supérieur et de la Recherche}},
  Month                    = {novembre},
  Url                      = {http://cache.media.education.gouv.fr/file/51/3/3513.pdf},
  Year                     = {2006},

  Abstract                 = {Le socle commun de connaissances et de compétences, tout ce qu'il est indispensable de maitriser à la fin des différents cycles (CE1, CM2 et collège) organisé autour de sept grandes compétences : \begin{enumerate} \item la maitrise de la langue française ; \item la pratique d’une langue vivante étrangère ; \item les principaux éléments de mathématiques et la culture scientifique et technologique ; \item la maitrise des techniques usuelles de l’information et de la communication ; \item la culture humaniste ; \item les compétences sociales et civiques ; \item l’autonomie et l’initiative. \end{enumerate}},
  File                     = {:fichiers/socle-commun-decret_162000.pdf:PDF},
  Owner                    = {pachot},
  Timestamp                = {2013.12.30}
}

@Electronic{Olivier2014,
  Title                    = {Faire connaître et partager les cultures scientifiques, techniques et industrielles : un impératif},
  Author                   = {Olivier, Maud and Leleux, Jean-Pierre},
  Url                      = {http://www.assemblee-nationale.fr/14/pdf/rap-off/i1690.pdf},
  Year                     = {2014},

  Owner                    = {pachot},
  Timestamp                = {2015.01.06}
}

@Book{Math2,
  Title                    = {Mathématiques, approche pédagogique : {CRPE} – {É}preuves écrites d’admissibilité},
  Author                   = {Pailleau, Jean-Luc and Bonté, \'{E}ric and Boissard, Vincent and Favrat, Jean-François and Roussel, Brigitte and Sarrouy, Michel},
  Publisher                = {CNED},
  Year                     = {2013},

  Address                  = {Toulouse, France},
  Note                     = {216~pages},

  Abstract                 = {Cours du Centre national d’enseignement à distance (CNED) pour préparer l’approche pédagogique de l’épreuve de mathématiques du concours de recrutement de professeurs des écoles (CRPE), session 2014.},
  Owner                    = {pachot},
  Timestamp                = {2013.12.21}
}

@InCollection{Prairat2003,
  Title                    = {Autorité et respect en éducation},
  Author                   = {Prairat, Eirick},
  Booktitle                = {Le Portique},
  Year                     = {2003},
  Note                     = {6~pages},

  Abstract                 = {Description de différentes autorités, la potestas et l’auctoritas, et des caractéristiques de l’autorité éducative.},
  File                     = {:fichiers/leportique-562-11-autorite-et-respect-en-education.pdf:PDF},
  Owner                    = {pachot},
  Timestamp                = {2013.11.30},
  Url                      = {http://leportique.revues.org/pdf/562}
}

@Book{Renault-Girard2009,
  Title                    = {Découvrir les formes et les grandeurs avec des albums},
  Author                   = {Renault-Girard, Sylvie and Vouhé, Annette},
  Publisher                = {SCÉRÉN-CRDP},
  Year                     = {2009},

  Owner                    = {pachot},
  Timestamp                = {2015.04.12}
}

@Book{Rioult2002,
  Title                    = {{Acti maths : PS}},
  Author                   = {J. Rioult and S. Demetz and S. Janvier and K. Lafaye and N. Lozach},
  Publisher                = {Celda},
  Year                     = {2002},

  Owner                    = {pachot},
  Timestamp                = {2015.04.16}
}

@Electronic{Rolland2006,
  Title                    = {L'enseignement des disciplines scientifiques dans le primaire et le secondaire},
  Author                   = {Rolland, Jean-Marie},
  Url                      = {http://www.assemblee-nationale.fr/12/pdf/rap-info/i3061.pdf},
  Year                     = {2006},

  Comment                  = {http://www.assemblee-nationale.fr/12/rap-info/i3061.asp},
  Institution              = {Commission des affaires culturelles, familiales et sociales},
  Owner                    = {pachot},
  Timestamp                = {2015.01.07}
}

@Book{Ruillier2004,
  Title                    = {Quatre petits coins de rien du tout},
  Author                   = {Jérôme Ruillier},
  Publisher                = {Mont-près-Chambord : Éd. Bilboquet},
  Year                     = {2004},

  Owner                    = {pachot},
  Timestamp                = {2015.04.12}
}

@Book{Sacy2000,
  Title                    = {L’eau et l’air : {PS}},
  Author                   = {Sacy, Dorothée and Quéva, Régine},
  Publisher                = {Hachette éducation},
  Year                     = {2000},

  Address                  = {Paris},

  ISBN                     = {2-01-170654-8},
  Owner                    = {pachot},
  Timestamp                = {2014.11.26}
}

@Electronic{Saltiel2005,
  Title                    = {La démarche d'investigation: Comment faire en classe?},
  Author                   = {Saltiel, Edith},
  Month                    = {octobre},
  Url                      = {http://www.fondation-lamap.org/sites/default/files/upload/media/ressources/pedago/11324_Comment_faire_/11751_Guide_m_thodologique_la_d_marche_d_investigation_comment_faire_en_classe_/guideenseignant_fr.pdf},
  Year                     = {2005},

  Owner                    = {pachot},
  Timestamp                = {2015.01.07}
}

@Book{Sanchez2012,
  Title                    = {Sciences à vivre : 23 séquences pour découvrir le monde du vivant et de la terre avec des enfants du cycle 1},
  Author                   = {Sanchez, Jean-Claude and Schneider, Jean-Bernard and Brach, Nicolas and Di Martino, Emmanuelle},
  Publisher                = {Accès Éditions},
  Year                     = {2012},

  Address                  = {Schiltigheim},
  Edition                  = {5\ieme{}},
  Month                    = {février},

  ISBN                     = {978-2-909295-57-2},
  Owner                    = {pachot},
  Timestamp                = {2014.11.28}
}

@Electronic{Sarmant1999,
  Title                    = {Rapport sur l’opération \og {L}a main à la pâte \fg{} et l’enseignement des sciences à l’école primaire},
  Author                   = {Sarmant, Jean-Pierre},
  Month                    = {juin},
  Url                      = {http://media.education.gouv.fr/file/10/8/6108.pdf},
  Year                     = {1999},

  Owner                    = {pachot},
  Review                   = {http://media.education.gouv.fr/file/10/8/6108.pdf},
  Timestamp                = {2014.11.28}
}

@Book{Scharer2008,
  Title                    = {Père, mère, roi et sorcière: la représentation des deux sexes et de la catégorie du genre dans les manuels scolaires de l’école primaire de la {S}uisse alémanique et de la {S}uisse romande},
  Author                   = {Schärer, F.},
  Publisher                = {Peter Lang},
  Year                     = {2008},

  Address                  = {Berne, Suisse},
  Series                   = {Europäische Hochschulschriften / 21: Linguistik},

  Abstract                 = {Page~189, on y trouve une recommandation pour l’utilisation du féminin générique, afin de contrebalancer la surreprésentation du masculin générique.},
  ISBN                     = {9783039116652},
  Owner                    = {pachot},
  Timestamp                = {2013.10.17},
  Url                      = {http://books.google.fr/books?id=srtWsm1lnMYC}
}

@Book{Tavernier2009,
  Title                    = {Enseigner les sciences expérimentales à l'école éléméntaire: physique et technologie},
  Author                   = {Tavernier, Raymond and Calmettes, Bernard and Canal, Jean-Loup and Margotin-Passat, Magali and Pierrard, Marie-Anne},
  Publisher                = {Bordas},
  Year                     = {2009},

  Address                  = {Paris, France},
  Series                   = {Collection Tavernier},

  Owner                    = {pachot},
  Timestamp                = {2013.12.04}
}

@Book{Vygotski1997,
  Title                    = {Pensée et langage},
  Author                   = {Vygotski, Lev Semenovitch and Piaget, Jean and Sève, Françoise},
  Publisher                = {La Dispute},
  Year                     = {1997},

  Address                  = {Paris},
  Edition                  = {3\ieme{}},

  Comment                  = {http://www.scienceshumaines.com/lev-vygotski-1896-1934-pensee-et-langage_fr_9754.html http://skhole.fr/lev-vygotski-extrait-la-zone-prochaine-de-d%C3%A9veloppement},
  Owner                    = {pachot},
  Timestamp                = {2013.12.16}
}

@Electronic{CodeEdu,
  Title                    = {Code de l’éducation},
  Month                    = {janvier},
  Url                      = {http://www.legifrance.gouv.fr/download_code_pdf.do?cidTexte=LEGITEXT000006071191},
  Year                     = {2015},

  Owner                    = {pachot},
  Timestamp                = {2014.11.24}
}

@Electronic{JO165,
  Title                    = {Référentiel des compétences professionnelles des métiers du professorat et de l’éducation},
  HowPublished             = {Journal officiel du 18~juillet 2013},
  Url                      = {http://legifrance.gouv.fr/jopdf/jopdf/2013/0718/joe_20130718_0004.pdf},
  Year                     = {2013},

  Abstract                 = {Description des compétences : \begin{itemize} \item communes à tous les professeurs et personnels d’éducation ($1 \rightarrow 14$) ; \item communes à tous les professeurs ($P1 \rightarrow P5$) ; \item spécifiques aux professeurs documentalistes ($D1 \rightarrow D4$) ; \item spécifiques aux conseillers principaux d’éducation ($C1 \rightarrow C8$) . \end{itemize}},
  Booktitle                = {Journal officiel de la République française, \no 165},
  File                     = {:fichiers/joe_20130718_0004.pdf:PDF},
  Owner                    = {pachot},
  Timestamp                = {2013.11.28}
}

@Electronic{loi2013,
  Title                    = {Loi \no 2013-595 du 8 juillet 2013 d'orientation et de programmation pour la refondation de l'école de la République},
  Url                      = {http://legifrance.gouv.fr/eli/loi/2013/7/8/2013-595/jo/texte},
  Year                     = {2013},

  Owner                    = {pachot},
  Timestamp                = {2015.01.04}
}

@Electronic{DecretSocle,
  Title                    = {Décret relatif au socle commun de connaissances et de compétences et modifiant le code de l'éducation.},
  HowPublished             = {Décret \no 2006-830 du 11 juillet 2006},
  Url                      = {http://www.legifrance.gouv.fr/affichTexte.do?cidTexte=JORFTEXT000000818367},
  Year                     = {2006},

  Owner                    = {pachot},
  Timestamp                = {2015.01.04}
}

@Electronic{loi2005,
  Title                    = {Loi d’orientation et de programme pour l'avenir de l'école},
  Month                    = {avril},
  Url                      = {http://www.legifrance.gouv.fr/jopdf/common/jo_pdf.jsp?numJO=0&dateJO=20050424&numTexte=1&pageDebut=07166&pageFin=07173},
  Year                     = {2005},

  Owner                    = {pachot},
  Timestamp                = {2015.01.04}
}

@Electronic{ProjetEcole,
  Title                    = {Le projet d'école},
  HowPublished             = {Circulaire \no 90-039 du 15~février 1990},
  Note                     = {5~pages},
  Url                      = {http://circulaire.legifrance.gouv.fr/pdf/2009/04/cir_870.pdf},
  Year                     = {1990},

  Abstract                 = {Circulaire précisant les caractéristiques du projet d’école, rendu obligatoire depuis l’été~1989.},
  File                     = {:fichiers/cir_870.pdf:PDF},
  Owner                    = {pachot},
  Timestamp                = {2013.12.28}
}

