% This file was created with JabRef 2.10.
% Encoding: UTF-8


@InBook{Hopkins2003,
  Title                    = {Physiologie végétale},
  Author                   = {Hopkins, William G.},
  Chapter                  = {Photomorphogenèse},
  Pages                    = {367--390},
  Publisher                = {De Boeck},
  Year                     = {2003},

  Address                  = {Bruxelles},
  Edition                  = {traduction de la 2\ieme{}},

  Owner                    = {pachot2},
  Timestamp                = {2016.05.11}
}

@InBook{Lamarque2006,
  Title                    = {Enseigner la biologie et la géologie à l’école élémentaire},
  Author                   = {Lamarque, Jeanne and Tavernier, Raymond},
  Chapter                  = {Le secret des graines},
  Pages                    = {157--169},
  Publisher                = {Bordas},
  Year                     = {2006},

  Address                  = {Paris},
  Edition                  = {nouvelle},
  Month                    = {février},

  Owner                    = {pachot2},
  Timestamp                = {2016.05.11}
}

@Book{Makanga2015,
  Title                    = {Jean Piaget, simplement expliqué aux étudiants},
  Author                   = {Makanga, Jean Bernard},
  Publisher                = {L’Harmattan},
  Year                     = {2015},

  Address                  = {Paris},
  Month                    = {janvier},

  Owner                    = {pachot2},
  Timestamp                = {2016.05.11}
}

@Electronic{BO2015,
  Title                    = {Programme d’enseignement de l’école maternelle},
  Author                   = {{Ministère de l’Éducation nationale, de l’Enseignement supérieur et de la Recherche}},
  Note                     = {Bulletin officiel spécial \no 2 du 26 mars 2015},

  Owner                    = {pachot2},
  Timestamp                = {2016.05.11}
}

